%YAML 1.1
%TAG !u! tag:unity3d.com,2011:
--- !u!1 &4268244545659687955
GameObject:
  m_ObjectHideFlags: 0
  m_CorrespondingSourceObject: {fileID: 0}
  m_PrefabInstance: {fileID: 0}
  m_PrefabAsset: {fileID: 0}
  serializedVersion: 6
  m_Component:
  - component: {fileID: 3991847122368852894}
  - component: {fileID: 8171850657179102521}
  m_Layer: 0
  m_Name: RMS_D02
  m_TagString: Untagged
  m_Icon: {fileID: 0}
  m_NavMeshLayer: 0
  m_StaticEditorFlags: 0
  m_IsActive: 1
--- !u!4 &3991847122368852894
Transform:
  m_ObjectHideFlags: 0
  m_CorrespondingSourceObject: {fileID: 0}
  m_PrefabInstance: {fileID: 0}
  m_PrefabAsset: {fileID: 0}
  m_GameObject: {fileID: 4268244545659687955}
  m_LocalRotation: {x: 0, y: 0, z: 0, w: 1}
  m_LocalPosition: {x: 0, y: 0, z: 0}
  m_LocalScale: {x: 1, y: 1, z: 1}
  m_Children:
  - {fileID: 6590520715110370168}
  m_Father: {fileID: 0}
  m_RootOrder: 0
  m_LocalEulerAnglesHint: {x: 0, y: 0, z: 0}
--- !u!114 &8171850657179102521
MonoBehaviour:
  m_ObjectHideFlags: 0
  m_CorrespondingSourceObject: {fileID: 0}
  m_PrefabInstance: {fileID: 0}
  m_PrefabAsset: {fileID: 0}
  m_GameObject: {fileID: 4268244545659687955}
  m_Enabled: 1
  m_EditorHideFlags: 0
  m_Script: {fileID: 11500000, guid: 3f83e86cdb370744492e5cfcbec659e8, type: 3}
  m_Name: 
  m_EditorClassIdentifier: 
  variant: a
  baseAnimationFallHeight: 5
  basicAnimatationItems:
  - tr: {fileID: 6590520715110370160}
    delay: 0
    animateTime: 1
  - tr: {fileID: 6590520715110370174}
    delay: 0.15
    animateTime: 1
  - tr: {fileID: 6590520715110370172}
    delay: 0.3
    animateTime: 1
  - tr: {fileID: 6590520715110370164}
    delay: 0.5
    animateTime: 1
  - tr: {fileID: 6590520715110370170}
    delay: 0.8
    animateTime: 1
  - tr: {fileID: 6590520715110370162}
    delay: 1
    animateTime: 1
--- !u!1001 &6590520715110765048
PrefabInstance:
  m_ObjectHideFlags: 0
  serializedVersion: 2
  m_Modification:
    m_TransformParent: {fileID: 3991847122368852894}
    m_Modifications:
    - target: {fileID: 400000, guid: ceb8caa9f17763f428f6adb50ccd0ab3, type: 3}
      propertyPath: m_LocalPosition.x
      value: 0
      objectReference: {fileID: 0}
    - target: {fileID: 400000, guid: ceb8caa9f17763f428f6adb50ccd0ab3, type: 3}
      propertyPath: m_LocalPosition.y
      value: -0.485
      objectReference: {fileID: 0}
    - target: {fileID: 400000, guid: ceb8caa9f17763f428f6adb50ccd0ab3, type: 3}
      propertyPath: m_LocalPosition.z
      value: 0
      objectReference: {fileID: 0}
    - target: {fileID: 400000, guid: ceb8caa9f17763f428f6adb50ccd0ab3, type: 3}
      propertyPath: m_LocalRotation.x
      value: 0
      objectReference: {fileID: 0}
    - target: {fileID: 400000, guid: ceb8caa9f17763f428f6adb50ccd0ab3, type: 3}
      propertyPath: m_LocalRotation.y
      value: 0
      objectReference: {fileID: 0}
    - target: {fileID: 400000, guid: ceb8caa9f17763f428f6adb50ccd0ab3, type: 3}
      propertyPath: m_LocalRotation.z
      value: 0
      objectReference: {fileID: 0}
    - target: {fileID: 400000, guid: ceb8caa9f17763f428f6adb50ccd0ab3, type: 3}
      propertyPath: m_LocalRotation.w
      value: 1
      objectReference: {fileID: 0}
    - target: {fileID: 400000, guid: ceb8caa9f17763f428f6adb50ccd0ab3, type: 3}
      propertyPath: m_RootOrder
      value: 0
      objectReference: {fileID: 0}
    - target: {fileID: 400000, guid: ceb8caa9f17763f428f6adb50ccd0ab3, type: 3}
      propertyPath: m_LocalEulerAnglesHint.x
      value: 0
      objectReference: {fileID: 0}
    - target: {fileID: 400000, guid: ceb8caa9f17763f428f6adb50ccd0ab3, type: 3}
      propertyPath: m_LocalEulerAnglesHint.y
      value: 0
      objectReference: {fileID: 0}
    - target: {fileID: 400000, guid: ceb8caa9f17763f428f6adb50ccd0ab3, type: 3}
      propertyPath: m_LocalEulerAnglesHint.z
      value: 0
      objectReference: {fileID: 0}
    - target: {fileID: 100000, guid: ceb8caa9f17763f428f6adb50ccd0ab3, type: 3}
      propertyPath: m_Name
      value: CakeRound1HappyBirthday
      objectReference: {fileID: 0}
    - target: {fileID: 2300000, guid: ceb8caa9f17763f428f6adb50ccd0ab3, type: 3}
      propertyPath: m_Materials.Array.data[2]
      value: 
      objectReference: {fileID: 2100000, guid: 0ed81a4cd477a1e46bbacc8f07954e88, type: 2}
    - target: {fileID: 2300000, guid: ceb8caa9f17763f428f6adb50ccd0ab3, type: 3}
      propertyPath: m_Materials.Array.data[0]
      value: 
      objectReference: {fileID: 2100000, guid: a09dd210201da624987ffd24c2c71ebb, type: 2}
    - target: {fileID: 2300002, guid: ceb8caa9f17763f428f6adb50ccd0ab3, type: 3}
      propertyPath: m_Materials.Array.data[0]
      value: 
      objectReference: {fileID: 2100000, guid: 04560366e3798cb45bef596ab9af4ef7, type: 2}
    - target: {fileID: 2300004, guid: ceb8caa9f17763f428f6adb50ccd0ab3, type: 3}
      propertyPath: m_Materials.Array.data[0]
      value: 
      objectReference: {fileID: 2100000, guid: 04560366e3798cb45bef596ab9af4ef7, type: 2}
    - target: {fileID: 2300006, guid: ceb8caa9f17763f428f6adb50ccd0ab3, type: 3}
      propertyPath: m_Materials.Array.data[0]
      value: 
      objectReference: {fileID: 2100000, guid: 04560366e3798cb45bef596ab9af4ef7, type: 2}
    - target: {fileID: 2300008, guid: ceb8caa9f17763f428f6adb50ccd0ab3, type: 3}
      propertyPath: m_Materials.Array.data[2]
      value: 
      objectReference: {fileID: 2100000, guid: 7285f70b6cbb695419f46e03ed5ac735, type: 2}
    - target: {fileID: 2300008, guid: ceb8caa9f17763f428f6adb50ccd0ab3, type: 3}
      propertyPath: m_Materials.Array.data[0]
      value: 
      objectReference: {fileID: 2100000, guid: 28d676356b6325540b6584967d07d766, type: 2}
    - target: {fileID: 2300008, guid: ceb8caa9f17763f428f6adb50ccd0ab3, type: 3}
      propertyPath: m_Materials.Array.data[1]
      value: 
      objectReference: {fileID: 2100000, guid: 5647eeeb5fbb5c6428364565546cd55a, type: 2}
    - target: {fileID: 2300008, guid: ceb8caa9f17763f428f6adb50ccd0ab3, type: 3}
      propertyPath: m_Materials.Array.data[3]
      value: 
      objectReference: {fileID: 2100000, guid: e82c11f42e18d1748b971fb4eb75444a, type: 2}
    - target: {fileID: 2300010, guid: ceb8caa9f17763f428f6adb50ccd0ab3, type: 3}
      propertyPath: m_Materials.Array.data[0]
      value: 
      objectReference: {fileID: 2100000, guid: 04560366e3798cb45bef596ab9af4ef7, type: 2}
    - target: {fileID: 2300010, guid: ceb8caa9f17763f428f6adb50ccd0ab3, type: 3}
      propertyPath: m_Materials.Array.data[1]
      value: 
      objectReference: {fileID: 2100000, guid: e82c11f42e18d1748b971fb4eb75444a, type: 2}
    - target: {fileID: 2300010, guid: ceb8caa9f17763f428f6adb50ccd0ab3, type: 3}
      propertyPath: m_Materials.Array.data[2]
      value: 
      objectReference: {fileID: 2100000, guid: 28d676356b6325540b6584967d07d766, type: 2}
    - target: {fileID: 2300010, guid: ceb8caa9f17763f428f6adb50ccd0ab3, type: 3}
      propertyPath: m_Materials.Array.data[3]
      value: 
      objectReference: {fileID: 2100000, guid: 5647eeeb5fbb5c6428364565546cd55a, type: 2}
    m_RemovedComponents: []
  m_SourcePrefab: {fileID: 100100000, guid: ceb8caa9f17763f428f6adb50ccd0ab3, type: 3}
--- !u!4 &6590520715110370168 stripped
Transform:
  m_CorrespondingSourceObject: {fileID: 400000, guid: ceb8caa9f17763f428f6adb50ccd0ab3,
    type: 3}
  m_PrefabInstance: {fileID: 6590520715110765048}
  m_PrefabAsset: {fileID: 0}
--- !u!4 &6590520715110370170 stripped
Transform:
  m_CorrespondingSourceObject: {fileID: 400002, guid: ceb8caa9f17763f428f6adb50ccd0ab3,
    type: 3}
  m_PrefabInstance: {fileID: 6590520715110765048}
  m_PrefabAsset: {fileID: 0}
--- !u!4 &6590520715110370172 stripped
Transform:
  m_CorrespondingSourceObject: {fileID: 400004, guid: ceb8caa9f17763f428f6adb50ccd0ab3,
    type: 3}
  m_PrefabInstance: {fileID: 6590520715110765048}
  m_PrefabAsset: {fileID: 0}
--- !u!4 &6590520715110370174 stripped
Transform:
  m_CorrespondingSourceObject: {fileID: 400006, guid: ceb8caa9f17763f428f6adb50ccd0ab3,
    type: 3}
  m_PrefabInstance: {fileID: 6590520715110765048}
  m_PrefabAsset: {fileID: 0}
--- !u!4 &6590520715110370160 stripped
Transform:
  m_CorrespondingSourceObject: {fileID: 400008, guid: ceb8caa9f17763f428f6adb50ccd0ab3,
    type: 3}
  m_PrefabInstance: {fileID: 6590520715110765048}
  m_PrefabAsset: {fileID: 0}
--- !u!4 &6590520715110370162 stripped
Transform:
  m_CorrespondingSourceObject: {fileID: 400010, guid: ceb8caa9f17763f428f6adb50ccd0ab3,
    type: 3}
  m_PrefabInstance: {fileID: 6590520715110765048}
  m_PrefabAsset: {fileID: 0}
--- !u!4 &6590520715110370164 stripped
Transform:
  m_CorrespondingSourceObject: {fileID: 400012, guid: ceb8caa9f17763f428f6adb50ccd0ab3,
    type: 3}
  m_PrefabInstance: {fileID: 6590520715110765048}
  m_PrefabAsset: {fileID: 0}
