%YAML 1.1
%TAG !u! tag:unity3d.com,2011:
--- !u!1001 &6057989804927612144
PrefabInstance:
  m_ObjectHideFlags: 0
  serializedVersion: 2
  m_Modification:
    m_TransformParent: {fileID: 0}
    m_Modifications:
    - target: {fileID: 5588584909667647374, guid: 6e233ca74f8158e4eaffc93c835b8b11,
        type: 3}
      propertyPath: m_Name
      value: Level 17
      objectReference: {fileID: 0}
    - target: {fileID: 3949020496661798220, guid: 6e233ca74f8158e4eaffc93c835b8b11,
        type: 3}
      propertyPath: m_LocalPosition.x
      value: 0
      objectReference: {fileID: 0}
    - target: {fileID: 3949020496661798220, guid: 6e233ca74f8158e4eaffc93c835b8b11,
        type: 3}
      propertyPath: m_LocalPosition.y
      value: 0
      objectReference: {fileID: 0}
    - target: {fileID: 3949020496661798220, guid: 6e233ca74f8158e4eaffc93c835b8b11,
        type: 3}
      propertyPath: m_LocalPosition.z
      value: 0
      objectReference: {fileID: 0}
    - target: {fileID: 3949020496661798220, guid: 6e233ca74f8158e4eaffc93c835b8b11,
        type: 3}
      propertyPath: m_LocalRotation.x
      value: 0
      objectReference: {fileID: 0}
    - target: {fileID: 3949020496661798220, guid: 6e233ca74f8158e4eaffc93c835b8b11,
        type: 3}
      propertyPath: m_LocalRotation.y
      value: 0
      objectReference: {fileID: 0}
    - target: {fileID: 3949020496661798220, guid: 6e233ca74f8158e4eaffc93c835b8b11,
        type: 3}
      propertyPath: m_LocalRotation.z
      value: 0
      objectReference: {fileID: 0}
    - target: {fileID: 3949020496661798220, guid: 6e233ca74f8158e4eaffc93c835b8b11,
        type: 3}
      propertyPath: m_LocalRotation.w
      value: 1
      objectReference: {fileID: 0}
    - target: {fileID: 3949020496661798220, guid: 6e233ca74f8158e4eaffc93c835b8b11,
        type: 3}
      propertyPath: m_RootOrder
      value: 0
      objectReference: {fileID: 0}
    - target: {fileID: 3949020496661798220, guid: 6e233ca74f8158e4eaffc93c835b8b11,
        type: 3}
      propertyPath: m_LocalEulerAnglesHint.x
      value: 0
      objectReference: {fileID: 0}
    - target: {fileID: 3949020496661798220, guid: 6e233ca74f8158e4eaffc93c835b8b11,
        type: 3}
      propertyPath: m_LocalEulerAnglesHint.y
      value: 0
      objectReference: {fileID: 0}
    - target: {fileID: 3949020496661798220, guid: 6e233ca74f8158e4eaffc93c835b8b11,
        type: 3}
      propertyPath: m_LocalEulerAnglesHint.z
      value: 0
      objectReference: {fileID: 0}
    - target: {fileID: 7501627474471483984, guid: 6e233ca74f8158e4eaffc93c835b8b11,
        type: 3}
      propertyPath: gamePhaseSequence.Array.data[0]
      value: 
      objectReference: {fileID: 5130953621744072931}
    - target: {fileID: 7501627474471483984, guid: 6e233ca74f8158e4eaffc93c835b8b11,
        type: 3}
      propertyPath: gamePhaseSequence.Array.data[1]
      value: 
      objectReference: {fileID: 3987607721330127325}
    - target: {fileID: 7501627474471483984, guid: 6e233ca74f8158e4eaffc93c835b8b11,
        type: 3}
      propertyPath: defaultCamTrans
      value: 
      objectReference: {fileID: 9011317179203028581}
    - target: {fileID: 7501627474471483984, guid: 6e233ca74f8158e4eaffc93c835b8b11,
        type: 3}
      propertyPath: meshRoot
      value: 
      objectReference: {fileID: 894159392378793140}
    - target: {fileID: 5117277105741448060, guid: 6e233ca74f8158e4eaffc93c835b8b11,
        type: 3}
      propertyPath: meshFilter
      value: 
      objectReference: {fileID: 894159392380120212}
    - target: {fileID: 5604536929086819074, guid: 6e233ca74f8158e4eaffc93c835b8b11,
        type: 3}
      propertyPath: meshFilter
      value: 
      objectReference: {fileID: 4331392969816586882}
    - target: {fileID: 7153011131825079597, guid: 6e233ca74f8158e4eaffc93c835b8b11,
        type: 3}
      propertyPath: choppedMeshList.Array.data[0]
      value: 
      objectReference: {fileID: 8803608060542928732}
    - target: {fileID: 7153011131825079597, guid: 6e233ca74f8158e4eaffc93c835b8b11,
        type: 3}
      propertyPath: choppedMeshList.Array.data[1]
      value: 
      objectReference: {fileID: 1861425928624848882}
    - target: {fileID: 7153011131825079597, guid: 6e233ca74f8158e4eaffc93c835b8b11,
        type: 3}
      propertyPath: phaseCollider
      value: 
      objectReference: {fileID: 7700669653696575157}
    - target: {fileID: 7153011131825079597, guid: 6e233ca74f8158e4eaffc93c835b8b11,
        type: 3}
      propertyPath: phaseCamTransPos
      value: 
      objectReference: {fileID: 9011317179203028581}
    - target: {fileID: 7153011131825079597, guid: 6e233ca74f8158e4eaffc93c835b8b11,
        type: 3}
      propertyPath: icingPhaseRef
      value: 
      objectReference: {fileID: 5130953621744072931}
    - target: {fileID: 1313159226101681735, guid: 6e233ca74f8158e4eaffc93c835b8b11,
        type: 3}
      propertyPath: m_Materials.Array.data[0]
      value: 
      objectReference: {fileID: 2100000, guid: 4b215a1fed972134ba97c7595a256f99, type: 2}
    - target: {fileID: 1379933838354598931, guid: 6e233ca74f8158e4eaffc93c835b8b11,
        type: 3}
      propertyPath: cols.Array.size
      value: 4
      objectReference: {fileID: 0}
    - target: {fileID: 1379933838354598931, guid: 6e233ca74f8158e4eaffc93c835b8b11,
        type: 3}
      propertyPath: choppedMeshList.Array.data[0]
      value: 
      objectReference: {fileID: 8803608060542928732}
    - target: {fileID: 1379933838354598931, guid: 6e233ca74f8158e4eaffc93c835b8b11,
        type: 3}
      propertyPath: choppedMeshList.Array.data[1]
      value: 
      objectReference: {fileID: 1861425928624848882}
    - target: {fileID: 1379933838354598931, guid: 6e233ca74f8158e4eaffc93c835b8b11,
        type: 3}
      propertyPath: phaseCollider
      value: 
      objectReference: {fileID: 1276830763574743008}
    - target: {fileID: 1379933838354598931, guid: 6e233ca74f8158e4eaffc93c835b8b11,
        type: 3}
      propertyPath: phaseCamTransPos
      value: 
      objectReference: {fileID: 9011317179203028581}
    - target: {fileID: 1379933838354598931, guid: 6e233ca74f8158e4eaffc93c835b8b11,
        type: 3}
      propertyPath: targetChoppedMesh
      value: 
      objectReference: {fileID: 8803608060542928732}
    - target: {fileID: 1379933838354598931, guid: 6e233ca74f8158e4eaffc93c835b8b11,
        type: 3}
      propertyPath: texRef
      value: 
      objectReference: {fileID: 2800000, guid: c073dcfdac4b76342b7d8eecf1d2d4f9, type: 3}
    - target: {fileID: 1379933838354598931, guid: 6e233ca74f8158e4eaffc93c835b8b11,
        type: 3}
      propertyPath: cols.Array.data[1].r
      value: 0.3019608
      objectReference: {fileID: 0}
    - target: {fileID: 1379933838354598931, guid: 6e233ca74f8158e4eaffc93c835b8b11,
        type: 3}
      propertyPath: cols.Array.data[1].g
      value: 0.9058824
      objectReference: {fileID: 0}
    - target: {fileID: 1379933838354598931, guid: 6e233ca74f8158e4eaffc93c835b8b11,
        type: 3}
      propertyPath: cols.Array.data[1].b
      value: 0.95294124
      objectReference: {fileID: 0}
    - target: {fileID: 1379933838354598931, guid: 6e233ca74f8158e4eaffc93c835b8b11,
        type: 3}
      propertyPath: cols.Array.data[0].r
      value: 0
      objectReference: {fileID: 0}
    - target: {fileID: 1379933838354598931, guid: 6e233ca74f8158e4eaffc93c835b8b11,
        type: 3}
      propertyPath: cols.Array.data[0].g
      value: 0.43529415
      objectReference: {fileID: 0}
    - target: {fileID: 1379933838354598931, guid: 6e233ca74f8158e4eaffc93c835b8b11,
        type: 3}
      propertyPath: cols.Array.data[0].b
      value: 1
      objectReference: {fileID: 0}
    - target: {fileID: 1379933838354598931, guid: 6e233ca74f8158e4eaffc93c835b8b11,
        type: 3}
      propertyPath: cols.Array.data[2].r
      value: 0.4156863
      objectReference: {fileID: 0}
    - target: {fileID: 1379933838354598931, guid: 6e233ca74f8158e4eaffc93c835b8b11,
        type: 3}
      propertyPath: cols.Array.data[2].g
      value: 0.5058824
      objectReference: {fileID: 0}
    - target: {fileID: 1379933838354598931, guid: 6e233ca74f8158e4eaffc93c835b8b11,
        type: 3}
      propertyPath: cols.Array.data[2].b
      value: 0.75294125
      objectReference: {fileID: 0}
    - target: {fileID: 1379933838354598931, guid: 6e233ca74f8158e4eaffc93c835b8b11,
        type: 3}
      propertyPath: cols.Array.data[3].r
      value: 1
      objectReference: {fileID: 0}
    - target: {fileID: 1379933838354598931, guid: 6e233ca74f8158e4eaffc93c835b8b11,
        type: 3}
      propertyPath: cols.Array.data[3].g
      value: 0.3254902
      objectReference: {fileID: 0}
    - target: {fileID: 1379933838354598931, guid: 6e233ca74f8158e4eaffc93c835b8b11,
        type: 3}
      propertyPath: cols.Array.data[3].b
      value: 0.3372549
      objectReference: {fileID: 0}
    - target: {fileID: 3332381436216390572, guid: 6e233ca74f8158e4eaffc93c835b8b11,
        type: 3}
      propertyPath: meshFilter
      value: 
      objectReference: {fileID: 894159392380120214}
    m_RemovedComponents: []
  m_SourcePrefab: {fileID: 100100000, guid: 6e233ca74f8158e4eaffc93c835b8b11, type: 3}
--- !u!4 &894159392378793140 stripped
Transform:
  m_CorrespondingSourceObject: {fileID: 6375685966706038852, guid: 6e233ca74f8158e4eaffc93c835b8b11,
    type: 3}
  m_PrefabInstance: {fileID: 6057989804927612144}
  m_PrefabAsset: {fileID: 0}
--- !u!33 &894159392380120212 stripped
MeshFilter:
  m_CorrespondingSourceObject: {fileID: 6375685966702614628, guid: 6e233ca74f8158e4eaffc93c835b8b11,
    type: 3}
  m_PrefabInstance: {fileID: 6057989804927612144}
  m_PrefabAsset: {fileID: 0}
--- !u!33 &894159392380120214 stripped
MeshFilter:
  m_CorrespondingSourceObject: {fileID: 6375685966702614630, guid: 6e233ca74f8158e4eaffc93c835b8b11,
    type: 3}
  m_PrefabInstance: {fileID: 6057989804927612144}
  m_PrefabAsset: {fileID: 0}
--- !u!114 &8803608060542928732 stripped
MonoBehaviour:
  m_CorrespondingSourceObject: {fileID: 3332381436216390572, guid: 6e233ca74f8158e4eaffc93c835b8b11,
    type: 3}
  m_PrefabInstance: {fileID: 6057989804927612144}
  m_PrefabAsset: {fileID: 0}
  m_GameObject: {fileID: 0}
  m_Enabled: 1
  m_EditorHideFlags: 0
  m_Script: {fileID: 11500000, guid: 18f103585ea4f2f489da347342d2070c, type: 3}
  m_Name: 
  m_EditorClassIdentifier: 
--- !u!33 &4331392969816586882 stripped
MeshFilter:
  m_CorrespondingSourceObject: {fileID: 7498070430841785970, guid: 6e233ca74f8158e4eaffc93c835b8b11,
    type: 3}
  m_PrefabInstance: {fileID: 6057989804927612144}
  m_PrefabAsset: {fileID: 0}
--- !u!114 &1861425928624848882 stripped
MonoBehaviour:
  m_CorrespondingSourceObject: {fileID: 5604536929086819074, guid: 6e233ca74f8158e4eaffc93c835b8b11,
    type: 3}
  m_PrefabInstance: {fileID: 6057989804927612144}
  m_PrefabAsset: {fileID: 0}
  m_GameObject: {fileID: 0}
  m_Enabled: 1
  m_EditorHideFlags: 0
  m_Script: {fileID: 11500000, guid: 18f103585ea4f2f489da347342d2070c, type: 3}
  m_Name: 
  m_EditorClassIdentifier: 
--- !u!64 &1276830763574743008 stripped
MeshCollider:
  m_CorrespondingSourceObject: {fileID: 5019960459962104592, guid: 6e233ca74f8158e4eaffc93c835b8b11,
    type: 3}
  m_PrefabInstance: {fileID: 6057989804927612144}
  m_PrefabAsset: {fileID: 0}
--- !u!64 &7700669653696575157 stripped
MeshCollider:
  m_CorrespondingSourceObject: {fileID: 4525004788988052037, guid: 6e233ca74f8158e4eaffc93c835b8b11,
    type: 3}
  m_PrefabInstance: {fileID: 6057989804927612144}
  m_PrefabAsset: {fileID: 0}
--- !u!114 &5130953621744072931 stripped
MonoBehaviour:
  m_CorrespondingSourceObject: {fileID: 1379933838354598931, guid: 6e233ca74f8158e4eaffc93c835b8b11,
    type: 3}
  m_PrefabInstance: {fileID: 6057989804927612144}
  m_PrefabAsset: {fileID: 0}
  m_GameObject: {fileID: 0}
  m_Enabled: 1
  m_EditorHideFlags: 0
  m_Script: {fileID: 11500000, guid: f11eaef46b5a67f47bbeeb7a4a279418, type: 3}
  m_Name: 
  m_EditorClassIdentifier: 
--- !u!114 &3987607721330127325 stripped
MonoBehaviour:
  m_CorrespondingSourceObject: {fileID: 7153011131825079597, guid: 6e233ca74f8158e4eaffc93c835b8b11,
    type: 3}
  m_PrefabInstance: {fileID: 6057989804927612144}
  m_PrefabAsset: {fileID: 0}
  m_GameObject: {fileID: 0}
  m_Enabled: 1
  m_EditorHideFlags: 0
  m_Script: {fileID: 11500000, guid: eb91f602a03574847be10fac2aa8f821, type: 3}
  m_Name: 
  m_EditorClassIdentifier: 
--- !u!4 &9011317179203028581 stripped
Transform:
  m_CorrespondingSourceObject: {fileID: 2962502803343307413, guid: 6e233ca74f8158e4eaffc93c835b8b11,
    type: 3}
  m_PrefabInstance: {fileID: 6057989804927612144}
  m_PrefabAsset: {fileID: 0}
