%YAML 1.1
%TAG !u! tag:unity3d.com,2011:
--- !u!1001 &8171817266453256970
PrefabInstance:
  m_ObjectHideFlags: 0
  serializedVersion: 2
  m_Modification:
    m_TransformParent: {fileID: 0}
    m_Modifications:
    - target: {fileID: 5588584909667647374, guid: 6e233ca74f8158e4eaffc93c835b8b11,
        type: 3}
      propertyPath: m_Name
      value: Level 5
      objectReference: {fileID: 0}
    - target: {fileID: 3949020496661798220, guid: 6e233ca74f8158e4eaffc93c835b8b11,
        type: 3}
      propertyPath: m_LocalPosition.x
      value: 0
      objectReference: {fileID: 0}
    - target: {fileID: 3949020496661798220, guid: 6e233ca74f8158e4eaffc93c835b8b11,
        type: 3}
      propertyPath: m_LocalPosition.y
      value: 0
      objectReference: {fileID: 0}
    - target: {fileID: 3949020496661798220, guid: 6e233ca74f8158e4eaffc93c835b8b11,
        type: 3}
      propertyPath: m_LocalPosition.z
      value: 0
      objectReference: {fileID: 0}
    - target: {fileID: 3949020496661798220, guid: 6e233ca74f8158e4eaffc93c835b8b11,
        type: 3}
      propertyPath: m_LocalRotation.x
      value: 0
      objectReference: {fileID: 0}
    - target: {fileID: 3949020496661798220, guid: 6e233ca74f8158e4eaffc93c835b8b11,
        type: 3}
      propertyPath: m_LocalRotation.y
      value: 0
      objectReference: {fileID: 0}
    - target: {fileID: 3949020496661798220, guid: 6e233ca74f8158e4eaffc93c835b8b11,
        type: 3}
      propertyPath: m_LocalRotation.z
      value: 0
      objectReference: {fileID: 0}
    - target: {fileID: 3949020496661798220, guid: 6e233ca74f8158e4eaffc93c835b8b11,
        type: 3}
      propertyPath: m_LocalRotation.w
      value: 1
      objectReference: {fileID: 0}
    - target: {fileID: 3949020496661798220, guid: 6e233ca74f8158e4eaffc93c835b8b11,
        type: 3}
      propertyPath: m_RootOrder
      value: 0
      objectReference: {fileID: 0}
    - target: {fileID: 3949020496661798220, guid: 6e233ca74f8158e4eaffc93c835b8b11,
        type: 3}
      propertyPath: m_LocalEulerAnglesHint.x
      value: 0
      objectReference: {fileID: 0}
    - target: {fileID: 3949020496661798220, guid: 6e233ca74f8158e4eaffc93c835b8b11,
        type: 3}
      propertyPath: m_LocalEulerAnglesHint.y
      value: 0
      objectReference: {fileID: 0}
    - target: {fileID: 3949020496661798220, guid: 6e233ca74f8158e4eaffc93c835b8b11,
        type: 3}
      propertyPath: m_LocalEulerAnglesHint.z
      value: 0
      objectReference: {fileID: 0}
    - target: {fileID: 8658174390553047935, guid: 6e233ca74f8158e4eaffc93c835b8b11,
        type: 3}
      propertyPath: m_IsActive
      value: 1
      objectReference: {fileID: 0}
    - target: {fileID: 7501627474471483984, guid: 6e233ca74f8158e4eaffc93c835b8b11,
        type: 3}
      propertyPath: gamePhaseSequence.Array.data[0]
      value: 
      objectReference: {fileID: 7083777394195257113}
    - target: {fileID: 7501627474471483984, guid: 6e233ca74f8158e4eaffc93c835b8b11,
        type: 3}
      propertyPath: gamePhaseSequence.Array.data[1]
      value: 
      objectReference: {fileID: 1309625242271931943}
    - target: {fileID: 7501627474471483984, guid: 6e233ca74f8158e4eaffc93c835b8b11,
        type: 3}
      propertyPath: defaultCamTrans
      value: 
      objectReference: {fileID: 6373943791106779551}
    - target: {fileID: 7501627474471483984, guid: 6e233ca74f8158e4eaffc93c835b8b11,
        type: 3}
      propertyPath: meshRoot
      value: 
      objectReference: {fileID: 2959669912125915982}
    - target: {fileID: 5604536929086819074, guid: 6e233ca74f8158e4eaffc93c835b8b11,
        type: 3}
      propertyPath: meshFilter
      value: 
      objectReference: {fileID: 1830255668808308088}
    - target: {fileID: 3332381436216390572, guid: 6e233ca74f8158e4eaffc93c835b8b11,
        type: 3}
      propertyPath: meshFilter
      value: 
      objectReference: {fileID: 2959669912124588908}
    - target: {fileID: 5117277105741448060, guid: 6e233ca74f8158e4eaffc93c835b8b11,
        type: 3}
      propertyPath: meshFilter
      value: 
      objectReference: {fileID: 2959669912124588910}
    - target: {fileID: 1379933838354598931, guid: 6e233ca74f8158e4eaffc93c835b8b11,
        type: 3}
      propertyPath: cols.Array.size
      value: 4
      objectReference: {fileID: 0}
    - target: {fileID: 1379933838354598931, guid: 6e233ca74f8158e4eaffc93c835b8b11,
        type: 3}
      propertyPath: cols.Array.data[0].g
      value: 0.43406606
      objectReference: {fileID: 0}
    - target: {fileID: 1379933838354598931, guid: 6e233ca74f8158e4eaffc93c835b8b11,
        type: 3}
      propertyPath: cols.Array.data[0].b
      value: 1
      objectReference: {fileID: 0}
    - target: {fileID: 1379933838354598931, guid: 6e233ca74f8158e4eaffc93c835b8b11,
        type: 3}
      propertyPath: cols.Array.data[1].r
      value: 0.41651833
      objectReference: {fileID: 0}
    - target: {fileID: 1379933838354598931, guid: 6e233ca74f8158e4eaffc93c835b8b11,
        type: 3}
      propertyPath: cols.Array.data[1].g
      value: 0.5083358
      objectReference: {fileID: 0}
    - target: {fileID: 1379933838354598931, guid: 6e233ca74f8158e4eaffc93c835b8b11,
        type: 3}
      propertyPath: cols.Array.data[1].b
      value: 0.754717
      objectReference: {fileID: 0}
    - target: {fileID: 1379933838354598931, guid: 6e233ca74f8158e4eaffc93c835b8b11,
        type: 3}
      propertyPath: cols.Array.data[2].g
      value: 0.3254717
      objectReference: {fileID: 0}
    - target: {fileID: 1379933838354598931, guid: 6e233ca74f8158e4eaffc93c835b8b11,
        type: 3}
      propertyPath: cols.Array.data[2].b
      value: 0.3363512
      objectReference: {fileID: 0}
    - target: {fileID: 1379933838354598931, guid: 6e233ca74f8158e4eaffc93c835b8b11,
        type: 3}
      propertyPath: choppedMeshList.Array.data[0]
      value: 
      objectReference: {fileID: 6869924311446136998}
    - target: {fileID: 1379933838354598931, guid: 6e233ca74f8158e4eaffc93c835b8b11,
        type: 3}
      propertyPath: choppedMeshList.Array.data[1]
      value: 
      objectReference: {fileID: 4372837069238489096}
    - target: {fileID: 1379933838354598931, guid: 6e233ca74f8158e4eaffc93c835b8b11,
        type: 3}
      propertyPath: phaseCollider
      value: 
      objectReference: {fileID: 3801702126012702746}
    - target: {fileID: 1379933838354598931, guid: 6e233ca74f8158e4eaffc93c835b8b11,
        type: 3}
      propertyPath: phaseCamTransPos
      value: 
      objectReference: {fileID: 6373943791106779551}
    - target: {fileID: 1379933838354598931, guid: 6e233ca74f8158e4eaffc93c835b8b11,
        type: 3}
      propertyPath: targetChoppedMesh
      value: 
      objectReference: {fileID: 6869924311446136998}
    - target: {fileID: 1379933838354598931, guid: 6e233ca74f8158e4eaffc93c835b8b11,
        type: 3}
      propertyPath: m_Enabled
      value: 0
      objectReference: {fileID: 0}
    - target: {fileID: 1379933838354598931, guid: 6e233ca74f8158e4eaffc93c835b8b11,
        type: 3}
      propertyPath: cols.Array.data[0].r
      value: 0
      objectReference: {fileID: 0}
    - target: {fileID: 1379933838354598931, guid: 6e233ca74f8158e4eaffc93c835b8b11,
        type: 3}
      propertyPath: cols.Array.data[2].r
      value: 1
      objectReference: {fileID: 0}
    - target: {fileID: 1379933838354598931, guid: 6e233ca74f8158e4eaffc93c835b8b11,
        type: 3}
      propertyPath: cols.Array.data[3].r
      value: 0.30113026
      objectReference: {fileID: 0}
    - target: {fileID: 1379933838354598931, guid: 6e233ca74f8158e4eaffc93c835b8b11,
        type: 3}
      propertyPath: cols.Array.data[3].g
      value: 0.9049653
      objectReference: {fileID: 0}
    - target: {fileID: 1379933838354598931, guid: 6e233ca74f8158e4eaffc93c835b8b11,
        type: 3}
      propertyPath: cols.Array.data[3].b
      value: 0.9528302
      objectReference: {fileID: 0}
    - target: {fileID: 7153011131825079597, guid: 6e233ca74f8158e4eaffc93c835b8b11,
        type: 3}
      propertyPath: choppedMeshList.Array.data[0]
      value: 
      objectReference: {fileID: 6869924311446136998}
    - target: {fileID: 7153011131825079597, guid: 6e233ca74f8158e4eaffc93c835b8b11,
        type: 3}
      propertyPath: choppedMeshList.Array.data[1]
      value: 
      objectReference: {fileID: 4372837069238489096}
    - target: {fileID: 7153011131825079597, guid: 6e233ca74f8158e4eaffc93c835b8b11,
        type: 3}
      propertyPath: phaseCollider
      value: 
      objectReference: {fileID: 5738759518486698319}
    - target: {fileID: 7153011131825079597, guid: 6e233ca74f8158e4eaffc93c835b8b11,
        type: 3}
      propertyPath: phaseCamTransPos
      value: 
      objectReference: {fileID: 6373943791106779551}
    - target: {fileID: 7153011131825079597, guid: 6e233ca74f8158e4eaffc93c835b8b11,
        type: 3}
      propertyPath: icingPhaseRef
      value: 
      objectReference: {fileID: 7083777394195257113}
    - target: {fileID: 1313159226101681735, guid: 6e233ca74f8158e4eaffc93c835b8b11,
        type: 3}
      propertyPath: m_Materials.Array.data[0]
      value: 
      objectReference: {fileID: 2100000, guid: eb0a0984bbc52fb4083107268af456c0, type: 2}
    m_RemovedComponents: []
  m_SourcePrefab: {fileID: 100100000, guid: 6e233ca74f8158e4eaffc93c835b8b11, type: 3}
--- !u!4 &2959669912125915982 stripped
Transform:
  m_CorrespondingSourceObject: {fileID: 6375685966706038852, guid: 6e233ca74f8158e4eaffc93c835b8b11,
    type: 3}
  m_PrefabInstance: {fileID: 8171817266453256970}
  m_PrefabAsset: {fileID: 0}
--- !u!33 &2959669912124588910 stripped
MeshFilter:
  m_CorrespondingSourceObject: {fileID: 6375685966702614628, guid: 6e233ca74f8158e4eaffc93c835b8b11,
    type: 3}
  m_PrefabInstance: {fileID: 8171817266453256970}
  m_PrefabAsset: {fileID: 0}
--- !u!33 &2959669912124588908 stripped
MeshFilter:
  m_CorrespondingSourceObject: {fileID: 6375685966702614630, guid: 6e233ca74f8158e4eaffc93c835b8b11,
    type: 3}
  m_PrefabInstance: {fileID: 8171817266453256970}
  m_PrefabAsset: {fileID: 0}
--- !u!114 &6869924311446136998 stripped
MonoBehaviour:
  m_CorrespondingSourceObject: {fileID: 3332381436216390572, guid: 6e233ca74f8158e4eaffc93c835b8b11,
    type: 3}
  m_PrefabInstance: {fileID: 8171817266453256970}
  m_PrefabAsset: {fileID: 0}
  m_GameObject: {fileID: 0}
  m_Enabled: 1
  m_EditorHideFlags: 0
  m_Script: {fileID: 11500000, guid: 18f103585ea4f2f489da347342d2070c, type: 3}
  m_Name: 
  m_EditorClassIdentifier: 
--- !u!33 &1830255668808308088 stripped
MeshFilter:
  m_CorrespondingSourceObject: {fileID: 7498070430841785970, guid: 6e233ca74f8158e4eaffc93c835b8b11,
    type: 3}
  m_PrefabInstance: {fileID: 8171817266453256970}
  m_PrefabAsset: {fileID: 0}
--- !u!114 &4372837069238489096 stripped
MonoBehaviour:
  m_CorrespondingSourceObject: {fileID: 5604536929086819074, guid: 6e233ca74f8158e4eaffc93c835b8b11,
    type: 3}
  m_PrefabInstance: {fileID: 8171817266453256970}
  m_PrefabAsset: {fileID: 0}
  m_GameObject: {fileID: 0}
  m_Enabled: 1
  m_EditorHideFlags: 0
  m_Script: {fileID: 11500000, guid: 18f103585ea4f2f489da347342d2070c, type: 3}
  m_Name: 
  m_EditorClassIdentifier: 
--- !u!64 &3801702126012702746 stripped
MeshCollider:
  m_CorrespondingSourceObject: {fileID: 5019960459962104592, guid: 6e233ca74f8158e4eaffc93c835b8b11,
    type: 3}
  m_PrefabInstance: {fileID: 8171817266453256970}
  m_PrefabAsset: {fileID: 0}
--- !u!64 &5738759518486698319 stripped
MeshCollider:
  m_CorrespondingSourceObject: {fileID: 4525004788988052037, guid: 6e233ca74f8158e4eaffc93c835b8b11,
    type: 3}
  m_PrefabInstance: {fileID: 8171817266453256970}
  m_PrefabAsset: {fileID: 0}
--- !u!114 &7083777394195257113 stripped
MonoBehaviour:
  m_CorrespondingSourceObject: {fileID: 1379933838354598931, guid: 6e233ca74f8158e4eaffc93c835b8b11,
    type: 3}
  m_PrefabInstance: {fileID: 8171817266453256970}
  m_PrefabAsset: {fileID: 0}
  m_GameObject: {fileID: 0}
  m_Enabled: 0
  m_EditorHideFlags: 0
  m_Script: {fileID: 11500000, guid: f11eaef46b5a67f47bbeeb7a4a279418, type: 3}
  m_Name: 
  m_EditorClassIdentifier: 
--- !u!114 &1309625242271931943 stripped
MonoBehaviour:
  m_CorrespondingSourceObject: {fileID: 7153011131825079597, guid: 6e233ca74f8158e4eaffc93c835b8b11,
    type: 3}
  m_PrefabInstance: {fileID: 8171817266453256970}
  m_PrefabAsset: {fileID: 0}
  m_GameObject: {fileID: 0}
  m_Enabled: 1
  m_EditorHideFlags: 0
  m_Script: {fileID: 11500000, guid: eb91f602a03574847be10fac2aa8f821, type: 3}
  m_Name: 
  m_EditorClassIdentifier: 
--- !u!4 &6373943791106779551 stripped
Transform:
  m_CorrespondingSourceObject: {fileID: 2962502803343307413, guid: 6e233ca74f8158e4eaffc93c835b8b11,
    type: 3}
  m_PrefabInstance: {fileID: 8171817266453256970}
  m_PrefabAsset: {fileID: 0}
