%YAML 1.1
%TAG !u! tag:unity3d.com,2011:
--- !u!1 &4268244545659687955
GameObject:
  m_ObjectHideFlags: 0
  m_CorrespondingSourceObject: {fileID: 0}
  m_PrefabInstance: {fileID: 0}
  m_PrefabAsset: {fileID: 0}
  serializedVersion: 6
  m_Component:
  - component: {fileID: 3991847122368852894}
  - component: {fileID: 8171850657179102521}
  m_Layer: 0
  m_Name: D07
  m_TagString: Untagged
  m_Icon: {fileID: 0}
  m_NavMeshLayer: 0
  m_StaticEditorFlags: 0
  m_IsActive: 1
--- !u!4 &3991847122368852894
Transform:
  m_ObjectHideFlags: 0
  m_CorrespondingSourceObject: {fileID: 0}
  m_PrefabInstance: {fileID: 0}
  m_PrefabAsset: {fileID: 0}
  m_GameObject: {fileID: 4268244545659687955}
  m_LocalRotation: {x: 0, y: 0, z: 0, w: 1}
  m_LocalPosition: {x: 0, y: 0, z: 0}
  m_LocalScale: {x: 1, y: 1, z: 1}
  m_Children:
  - {fileID: 1708075067494763612}
  m_Father: {fileID: 0}
  m_RootOrder: 0
  m_LocalEulerAnglesHint: {x: 0, y: 0, z: 0}
--- !u!114 &8171850657179102521
MonoBehaviour:
  m_ObjectHideFlags: 0
  m_CorrespondingSourceObject: {fileID: 0}
  m_PrefabInstance: {fileID: 0}
  m_PrefabAsset: {fileID: 0}
  m_GameObject: {fileID: 4268244545659687955}
  m_Enabled: 1
  m_EditorHideFlags: 0
  m_Script: {fileID: 11500000, guid: 3f83e86cdb370744492e5cfcbec659e8, type: 3}
  m_Name: 
  m_EditorClassIdentifier: 
  variant: a
  baseAnimationFallHeight: 5
  basicAnimatationItems:
  - tr: {fileID: 1708075067494763604}
    delay: 0
    animateTime: 1
  - tr: {fileID: 1708075067494763608}
    delay: 0.25
    animateTime: 1
  - tr: {fileID: 1708075067494763610}
    delay: 0.35
    animateTime: 1
  - tr: {fileID: 1708075067494763606}
    delay: 0.35
    animateTime: 1
  - tr: {fileID: 1708075067494763602}
    delay: 0.25
    animateTime: 2
  - tr: {fileID: 1708075067494763600}
    delay: 0.5
    animateTime: 1
--- !u!1001 &1708075067494897360
PrefabInstance:
  m_ObjectHideFlags: 0
  serializedVersion: 2
  m_Modification:
    m_TransformParent: {fileID: 3991847122368852894}
    m_Modifications:
    - target: {fileID: 100012, guid: fdd05b13230bc70429512c86dd92203f, type: 3}
      propertyPath: m_Name
      value: WelcomeToTheClub(CakeRound2)
      objectReference: {fileID: 0}
    - target: {fileID: 400012, guid: fdd05b13230bc70429512c86dd92203f, type: 3}
      propertyPath: m_LocalPosition.x
      value: -0
      objectReference: {fileID: 0}
    - target: {fileID: 400012, guid: fdd05b13230bc70429512c86dd92203f, type: 3}
      propertyPath: m_LocalPosition.y
      value: -0.07
      objectReference: {fileID: 0}
    - target: {fileID: 400012, guid: fdd05b13230bc70429512c86dd92203f, type: 3}
      propertyPath: m_LocalPosition.z
      value: 0
      objectReference: {fileID: 0}
    - target: {fileID: 400012, guid: fdd05b13230bc70429512c86dd92203f, type: 3}
      propertyPath: m_LocalRotation.x
      value: 0
      objectReference: {fileID: 0}
    - target: {fileID: 400012, guid: fdd05b13230bc70429512c86dd92203f, type: 3}
      propertyPath: m_LocalRotation.y
      value: -0
      objectReference: {fileID: 0}
    - target: {fileID: 400012, guid: fdd05b13230bc70429512c86dd92203f, type: 3}
      propertyPath: m_LocalRotation.z
      value: -0
      objectReference: {fileID: 0}
    - target: {fileID: 400012, guid: fdd05b13230bc70429512c86dd92203f, type: 3}
      propertyPath: m_LocalRotation.w
      value: 1
      objectReference: {fileID: 0}
    - target: {fileID: 400012, guid: fdd05b13230bc70429512c86dd92203f, type: 3}
      propertyPath: m_RootOrder
      value: 0
      objectReference: {fileID: 0}
    - target: {fileID: 400012, guid: fdd05b13230bc70429512c86dd92203f, type: 3}
      propertyPath: m_LocalEulerAnglesHint.x
      value: 0
      objectReference: {fileID: 0}
    - target: {fileID: 400012, guid: fdd05b13230bc70429512c86dd92203f, type: 3}
      propertyPath: m_LocalEulerAnglesHint.y
      value: 0
      objectReference: {fileID: 0}
    - target: {fileID: 400012, guid: fdd05b13230bc70429512c86dd92203f, type: 3}
      propertyPath: m_LocalEulerAnglesHint.z
      value: 0
      objectReference: {fileID: 0}
    - target: {fileID: 2300000, guid: fdd05b13230bc70429512c86dd92203f, type: 3}
      propertyPath: m_Materials.Array.data[1]
      value: 
      objectReference: {fileID: 2100000, guid: 59bf3573d230b924dbebefdea7e86249, type: 2}
    - target: {fileID: 2300004, guid: fdd05b13230bc70429512c86dd92203f, type: 3}
      propertyPath: m_Materials.Array.data[0]
      value: 
      objectReference: {fileID: 2100000, guid: ae83c8ef287a9bf4f8bc36346c62c7b9, type: 2}
    - target: {fileID: 2300008, guid: fdd05b13230bc70429512c86dd92203f, type: 3}
      propertyPath: m_Materials.Array.data[0]
      value: 
      objectReference: {fileID: 2100000, guid: 21af31b8071a54f40a778b9aa5fba3e4, type: 2}
    - target: {fileID: 2300008, guid: fdd05b13230bc70429512c86dd92203f, type: 3}
      propertyPath: m_Materials.Array.data[1]
      value: 
      objectReference: {fileID: 2100000, guid: b3c3dc28d49107e478d861c00954820a, type: 2}
    - target: {fileID: 2300010, guid: fdd05b13230bc70429512c86dd92203f, type: 3}
      propertyPath: m_Materials.Array.data[0]
      value: 
      objectReference: {fileID: 2100000, guid: 3a622260d8cfe3f4c9323af58d65fc74, type: 2}
    m_RemovedComponents: []
  m_SourcePrefab: {fileID: 100100000, guid: fdd05b13230bc70429512c86dd92203f, type: 3}
--- !u!4 &1708075067494763612 stripped
Transform:
  m_CorrespondingSourceObject: {fileID: 400012, guid: fdd05b13230bc70429512c86dd92203f,
    type: 3}
  m_PrefabInstance: {fileID: 1708075067494897360}
  m_PrefabAsset: {fileID: 0}
--- !u!4 &1708075067494763600 stripped
Transform:
  m_CorrespondingSourceObject: {fileID: 400000, guid: fdd05b13230bc70429512c86dd92203f,
    type: 3}
  m_PrefabInstance: {fileID: 1708075067494897360}
  m_PrefabAsset: {fileID: 0}
--- !u!4 &1708075067494763602 stripped
Transform:
  m_CorrespondingSourceObject: {fileID: 400002, guid: fdd05b13230bc70429512c86dd92203f,
    type: 3}
  m_PrefabInstance: {fileID: 1708075067494897360}
  m_PrefabAsset: {fileID: 0}
--- !u!4 &1708075067494763604 stripped
Transform:
  m_CorrespondingSourceObject: {fileID: 400004, guid: fdd05b13230bc70429512c86dd92203f,
    type: 3}
  m_PrefabInstance: {fileID: 1708075067494897360}
  m_PrefabAsset: {fileID: 0}
--- !u!4 &1708075067494763606 stripped
Transform:
  m_CorrespondingSourceObject: {fileID: 400006, guid: fdd05b13230bc70429512c86dd92203f,
    type: 3}
  m_PrefabInstance: {fileID: 1708075067494897360}
  m_PrefabAsset: {fileID: 0}
--- !u!4 &1708075067494763608 stripped
Transform:
  m_CorrespondingSourceObject: {fileID: 400008, guid: fdd05b13230bc70429512c86dd92203f,
    type: 3}
  m_PrefabInstance: {fileID: 1708075067494897360}
  m_PrefabAsset: {fileID: 0}
--- !u!4 &1708075067494763610 stripped
Transform:
  m_CorrespondingSourceObject: {fileID: 400010, guid: fdd05b13230bc70429512c86dd92203f,
    type: 3}
  m_PrefabInstance: {fileID: 1708075067494897360}
  m_PrefabAsset: {fileID: 0}
