%YAML 1.1
%TAG !u! tag:unity3d.com,2011:
--- !u!1 &4268244545659687955
GameObject:
  m_ObjectHideFlags: 0
  m_CorrespondingSourceObject: {fileID: 0}
  m_PrefabInstance: {fileID: 0}
  m_PrefabAsset: {fileID: 0}
  serializedVersion: 6
  m_Component:
  - component: {fileID: 3991847122368852894}
  - component: {fileID: 8171850657179102521}
  m_Layer: 0
  m_Name: RWT_D01
  m_TagString: Untagged
  m_Icon: {fileID: 0}
  m_NavMeshLayer: 0
  m_StaticEditorFlags: 0
  m_IsActive: 1
--- !u!4 &3991847122368852894
Transform:
  m_ObjectHideFlags: 0
  m_CorrespondingSourceObject: {fileID: 0}
  m_PrefabInstance: {fileID: 0}
  m_PrefabAsset: {fileID: 0}
  m_GameObject: {fileID: 4268244545659687955}
  m_LocalRotation: {x: 0, y: 0, z: 0, w: 1}
  m_LocalPosition: {x: 0, y: 0, z: 0}
  m_LocalScale: {x: 1, y: 1, z: 1}
  m_Children:
  - {fileID: 3437584560372225780}
  m_Father: {fileID: 0}
  m_RootOrder: 0
  m_LocalEulerAnglesHint: {x: 0, y: 0, z: 0}
--- !u!114 &8171850657179102521
MonoBehaviour:
  m_ObjectHideFlags: 0
  m_CorrespondingSourceObject: {fileID: 0}
  m_PrefabInstance: {fileID: 0}
  m_PrefabAsset: {fileID: 0}
  m_GameObject: {fileID: 4268244545659687955}
  m_Enabled: 1
  m_EditorHideFlags: 0
  m_Script: {fileID: 11500000, guid: 3f83e86cdb370744492e5cfcbec659e8, type: 3}
  m_Name: 
  m_EditorClassIdentifier: 
  variant: a
  baseAnimationFallHeight: 5
  basicAnimatationItems:
  - tr: {fileID: 3437584560372225776}
    delay: 0
    animateTime: 1
  - tr: {fileID: 3437584560372225782}
    delay: 0.25
    animateTime: 1
  - tr: {fileID: 3437584560372225778}
    delay: 0.5
    animateTime: 1
--- !u!1001 &3437584560372354164
PrefabInstance:
  m_ObjectHideFlags: 0
  serializedVersion: 2
  m_Modification:
    m_TransformParent: {fileID: 3991847122368852894}
    m_Modifications:
    - target: {fileID: 100000, guid: d46a87179d442ce419f2ed9e171a7618, type: 3}
      propertyPath: m_Name
      value: CakeBaseScooty
      objectReference: {fileID: 0}
    - target: {fileID: 400000, guid: d46a87179d442ce419f2ed9e171a7618, type: 3}
      propertyPath: m_LocalPosition.x
      value: -0
      objectReference: {fileID: 0}
    - target: {fileID: 400000, guid: d46a87179d442ce419f2ed9e171a7618, type: 3}
      propertyPath: m_LocalPosition.y
      value: -0.47
      objectReference: {fileID: 0}
    - target: {fileID: 400000, guid: d46a87179d442ce419f2ed9e171a7618, type: 3}
      propertyPath: m_LocalPosition.z
      value: 0
      objectReference: {fileID: 0}
    - target: {fileID: 400000, guid: d46a87179d442ce419f2ed9e171a7618, type: 3}
      propertyPath: m_LocalRotation.x
      value: 0
      objectReference: {fileID: 0}
    - target: {fileID: 400000, guid: d46a87179d442ce419f2ed9e171a7618, type: 3}
      propertyPath: m_LocalRotation.y
      value: -0
      objectReference: {fileID: 0}
    - target: {fileID: 400000, guid: d46a87179d442ce419f2ed9e171a7618, type: 3}
      propertyPath: m_LocalRotation.z
      value: -0
      objectReference: {fileID: 0}
    - target: {fileID: 400000, guid: d46a87179d442ce419f2ed9e171a7618, type: 3}
      propertyPath: m_LocalRotation.w
      value: 1
      objectReference: {fileID: 0}
    - target: {fileID: 400000, guid: d46a87179d442ce419f2ed9e171a7618, type: 3}
      propertyPath: m_RootOrder
      value: 0
      objectReference: {fileID: 0}
    - target: {fileID: 400000, guid: d46a87179d442ce419f2ed9e171a7618, type: 3}
      propertyPath: m_LocalEulerAnglesHint.x
      value: 0
      objectReference: {fileID: 0}
    - target: {fileID: 400000, guid: d46a87179d442ce419f2ed9e171a7618, type: 3}
      propertyPath: m_LocalEulerAnglesHint.y
      value: 0
      objectReference: {fileID: 0}
    - target: {fileID: 400000, guid: d46a87179d442ce419f2ed9e171a7618, type: 3}
      propertyPath: m_LocalEulerAnglesHint.z
      value: 0
      objectReference: {fileID: 0}
    - target: {fileID: 2300004, guid: d46a87179d442ce419f2ed9e171a7618, type: 3}
      propertyPath: m_Materials.Array.data[0]
      value: 
      objectReference: {fileID: 2100000, guid: 949e60d7a79f0f649b84a820744f4e9f, type: 2}
    - target: {fileID: 2300004, guid: d46a87179d442ce419f2ed9e171a7618, type: 3}
      propertyPath: m_Materials.Array.data[1]
      value: 
      objectReference: {fileID: 2100000, guid: 191bc68b5999c034aa8b4d17cad510cb, type: 2}
    - target: {fileID: 2300004, guid: d46a87179d442ce419f2ed9e171a7618, type: 3}
      propertyPath: m_Materials.Array.data[2]
      value: 
      objectReference: {fileID: 2100000, guid: edeaad1fecda8b5458768fdc84b7f349, type: 2}
    - target: {fileID: 2300004, guid: d46a87179d442ce419f2ed9e171a7618, type: 3}
      propertyPath: m_Materials.Array.data[3]
      value: 
      objectReference: {fileID: 2100000, guid: 83ba598febbb4fa41a0cad14b0c08b12, type: 2}
    - target: {fileID: 2300000, guid: d46a87179d442ce419f2ed9e171a7618, type: 3}
      propertyPath: m_Materials.Array.data[0]
      value: 
      objectReference: {fileID: 2100000, guid: 05df81fc677e16647921b5022fa7aa4d, type: 2}
    - target: {fileID: 2300000, guid: d46a87179d442ce419f2ed9e171a7618, type: 3}
      propertyPath: m_Materials.Array.data[1]
      value: 
      objectReference: {fileID: 2100000, guid: edeaad1fecda8b5458768fdc84b7f349, type: 2}
    - target: {fileID: 2300002, guid: d46a87179d442ce419f2ed9e171a7618, type: 3}
      propertyPath: m_Materials.Array.data[1]
      value: 
      objectReference: {fileID: 2100000, guid: 363d82456d3adf64085d9b6c0114f4ec, type: 2}
    - target: {fileID: 2300002, guid: d46a87179d442ce419f2ed9e171a7618, type: 3}
      propertyPath: m_Materials.Array.data[0]
      value: 
      objectReference: {fileID: 2100000, guid: a665cec5ee40f634896172f57dc8a05c, type: 2}
    m_RemovedComponents: []
  m_SourcePrefab: {fileID: 100100000, guid: d46a87179d442ce419f2ed9e171a7618, type: 3}
--- !u!4 &3437584560372225780 stripped
Transform:
  m_CorrespondingSourceObject: {fileID: 400000, guid: d46a87179d442ce419f2ed9e171a7618,
    type: 3}
  m_PrefabInstance: {fileID: 3437584560372354164}
  m_PrefabAsset: {fileID: 0}
--- !u!4 &3437584560372225782 stripped
Transform:
  m_CorrespondingSourceObject: {fileID: 400002, guid: d46a87179d442ce419f2ed9e171a7618,
    type: 3}
  m_PrefabInstance: {fileID: 3437584560372354164}
  m_PrefabAsset: {fileID: 0}
--- !u!4 &3437584560372225776 stripped
Transform:
  m_CorrespondingSourceObject: {fileID: 400004, guid: d46a87179d442ce419f2ed9e171a7618,
    type: 3}
  m_PrefabInstance: {fileID: 3437584560372354164}
  m_PrefabAsset: {fileID: 0}
--- !u!4 &3437584560372225778 stripped
Transform:
  m_CorrespondingSourceObject: {fileID: 400006, guid: d46a87179d442ce419f2ed9e171a7618,
    type: 3}
  m_PrefabInstance: {fileID: 3437584560372354164}
  m_PrefabAsset: {fileID: 0}
