%YAML 1.1
%TAG !u! tag:unity3d.com,2011:
--- !u!1 &4268244545659687955
GameObject:
  m_ObjectHideFlags: 0
  m_CorrespondingSourceObject: {fileID: 0}
  m_PrefabInstance: {fileID: 0}
  m_PrefabAsset: {fileID: 0}
  serializedVersion: 6
  m_Component:
  - component: {fileID: 3991847122368852894}
  - component: {fileID: 8171850657179102521}
  m_Layer: 0
  m_Name: RWT_D03
  m_TagString: Untagged
  m_Icon: {fileID: 0}
  m_NavMeshLayer: 0
  m_StaticEditorFlags: 0
  m_IsActive: 1
--- !u!4 &3991847122368852894
Transform:
  m_ObjectHideFlags: 0
  m_CorrespondingSourceObject: {fileID: 0}
  m_PrefabInstance: {fileID: 0}
  m_PrefabAsset: {fileID: 0}
  m_GameObject: {fileID: 4268244545659687955}
  m_LocalRotation: {x: 0, y: 0, z: 0, w: 1}
  m_LocalPosition: {x: 0, y: 0, z: 0}
  m_LocalScale: {x: 1, y: 1, z: 1}
  m_Children:
  - {fileID: 4346996491258356251}
  m_Father: {fileID: 0}
  m_RootOrder: 0
  m_LocalEulerAnglesHint: {x: 0, y: 0, z: 0}
--- !u!114 &8171850657179102521
MonoBehaviour:
  m_ObjectHideFlags: 0
  m_CorrespondingSourceObject: {fileID: 0}
  m_PrefabInstance: {fileID: 0}
  m_PrefabAsset: {fileID: 0}
  m_GameObject: {fileID: 4268244545659687955}
  m_Enabled: 1
  m_EditorHideFlags: 0
  m_Script: {fileID: 11500000, guid: 3f83e86cdb370744492e5cfcbec659e8, type: 3}
  m_Name: 
  m_EditorClassIdentifier: 
  variant: a
  baseAnimationFallHeight: 5
  basicAnimatationItems:
  - tr: {fileID: 4346996491258356255}
    delay: 0
    animateTime: 1
  - tr: {fileID: 4346996491258356243}
    delay: 0.1
    animateTime: 1
  - tr: {fileID: 4346996491258356253}
    delay: 0.2
    animateTime: 1
  - tr: {fileID: 4346996491258356241}
    delay: 0.3
    animateTime: 2
  - tr: {fileID: 4346996491258356249}
    delay: 1.5
    animateTime: 1.5
--- !u!1001 &4346996491258493083
PrefabInstance:
  m_ObjectHideFlags: 0
  serializedVersion: 2
  m_Modification:
    m_TransformParent: {fileID: 3991847122368852894}
    m_Modifications:
    - target: {fileID: 400000, guid: 7de7220af79fc9e48ad2620b8e47656d, type: 3}
      propertyPath: m_LocalPosition.x
      value: 0
      objectReference: {fileID: 0}
    - target: {fileID: 400000, guid: 7de7220af79fc9e48ad2620b8e47656d, type: 3}
      propertyPath: m_LocalPosition.y
      value: -0.48
      objectReference: {fileID: 0}
    - target: {fileID: 400000, guid: 7de7220af79fc9e48ad2620b8e47656d, type: 3}
      propertyPath: m_LocalPosition.z
      value: 0
      objectReference: {fileID: 0}
    - target: {fileID: 400000, guid: 7de7220af79fc9e48ad2620b8e47656d, type: 3}
      propertyPath: m_LocalRotation.x
      value: 0
      objectReference: {fileID: 0}
    - target: {fileID: 400000, guid: 7de7220af79fc9e48ad2620b8e47656d, type: 3}
      propertyPath: m_LocalRotation.y
      value: 0
      objectReference: {fileID: 0}
    - target: {fileID: 400000, guid: 7de7220af79fc9e48ad2620b8e47656d, type: 3}
      propertyPath: m_LocalRotation.z
      value: 0
      objectReference: {fileID: 0}
    - target: {fileID: 400000, guid: 7de7220af79fc9e48ad2620b8e47656d, type: 3}
      propertyPath: m_LocalRotation.w
      value: 1
      objectReference: {fileID: 0}
    - target: {fileID: 400000, guid: 7de7220af79fc9e48ad2620b8e47656d, type: 3}
      propertyPath: m_RootOrder
      value: 0
      objectReference: {fileID: 0}
    - target: {fileID: 400000, guid: 7de7220af79fc9e48ad2620b8e47656d, type: 3}
      propertyPath: m_LocalEulerAnglesHint.x
      value: 0
      objectReference: {fileID: 0}
    - target: {fileID: 400000, guid: 7de7220af79fc9e48ad2620b8e47656d, type: 3}
      propertyPath: m_LocalEulerAnglesHint.y
      value: 0
      objectReference: {fileID: 0}
    - target: {fileID: 400000, guid: 7de7220af79fc9e48ad2620b8e47656d, type: 3}
      propertyPath: m_LocalEulerAnglesHint.z
      value: 0
      objectReference: {fileID: 0}
    - target: {fileID: 100000, guid: 7de7220af79fc9e48ad2620b8e47656d, type: 3}
      propertyPath: m_Name
      value: BaseCakeBirthday
      objectReference: {fileID: 0}
    - target: {fileID: 2300004, guid: 7de7220af79fc9e48ad2620b8e47656d, type: 3}
      propertyPath: m_Materials.Array.data[0]
      value: 
      objectReference: {fileID: 2100000, guid: 90f40891015292241bc6fbe35839b9bf, type: 2}
    - target: {fileID: 2300006, guid: 7de7220af79fc9e48ad2620b8e47656d, type: 3}
      propertyPath: m_Materials.Array.data[0]
      value: 
      objectReference: {fileID: 2100000, guid: 2c7b5ce523757b140bc5cac8b4517402, type: 2}
    - target: {fileID: 2300008, guid: 7de7220af79fc9e48ad2620b8e47656d, type: 3}
      propertyPath: m_Materials.Array.data[0]
      value: 
      objectReference: {fileID: 2100000, guid: 1a01c7192207cdf4bb9b5d40d634a15c, type: 2}
    m_RemovedComponents: []
  m_SourcePrefab: {fileID: 100100000, guid: 7de7220af79fc9e48ad2620b8e47656d, type: 3}
--- !u!4 &4346996491258356251 stripped
Transform:
  m_CorrespondingSourceObject: {fileID: 400000, guid: 7de7220af79fc9e48ad2620b8e47656d,
    type: 3}
  m_PrefabInstance: {fileID: 4346996491258493083}
  m_PrefabAsset: {fileID: 0}
--- !u!4 &4346996491258356249 stripped
Transform:
  m_CorrespondingSourceObject: {fileID: 400002, guid: 7de7220af79fc9e48ad2620b8e47656d,
    type: 3}
  m_PrefabInstance: {fileID: 4346996491258493083}
  m_PrefabAsset: {fileID: 0}
--- !u!4 &4346996491258356255 stripped
Transform:
  m_CorrespondingSourceObject: {fileID: 400004, guid: 7de7220af79fc9e48ad2620b8e47656d,
    type: 3}
  m_PrefabInstance: {fileID: 4346996491258493083}
  m_PrefabAsset: {fileID: 0}
--- !u!4 &4346996491258356253 stripped
Transform:
  m_CorrespondingSourceObject: {fileID: 400006, guid: 7de7220af79fc9e48ad2620b8e47656d,
    type: 3}
  m_PrefabInstance: {fileID: 4346996491258493083}
  m_PrefabAsset: {fileID: 0}
--- !u!4 &4346996491258356243 stripped
Transform:
  m_CorrespondingSourceObject: {fileID: 400008, guid: 7de7220af79fc9e48ad2620b8e47656d,
    type: 3}
  m_PrefabInstance: {fileID: 4346996491258493083}
  m_PrefabAsset: {fileID: 0}
--- !u!4 &4346996491258356241 stripped
Transform:
  m_CorrespondingSourceObject: {fileID: 400010, guid: 7de7220af79fc9e48ad2620b8e47656d,
    type: 3}
  m_PrefabInstance: {fileID: 4346996491258493083}
  m_PrefabAsset: {fileID: 0}
