%YAML 1.1
%TAG !u! tag:unity3d.com,2011:
--- !u!1 &4268244545659687955
GameObject:
  m_ObjectHideFlags: 0
  m_CorrespondingSourceObject: {fileID: 0}
  m_PrefabInstance: {fileID: 0}
  m_PrefabAsset: {fileID: 0}
  serializedVersion: 6
  m_Component:
  - component: {fileID: 3991847122368852894}
  - component: {fileID: 8171850657179102521}
  m_Layer: 0
  m_Name: D06
  m_TagString: Untagged
  m_Icon: {fileID: 0}
  m_NavMeshLayer: 0
  m_StaticEditorFlags: 0
  m_IsActive: 1
--- !u!4 &3991847122368852894
Transform:
  m_ObjectHideFlags: 0
  m_CorrespondingSourceObject: {fileID: 0}
  m_PrefabInstance: {fileID: 0}
  m_PrefabAsset: {fileID: 0}
  m_GameObject: {fileID: 4268244545659687955}
  m_LocalRotation: {x: 0, y: 0, z: 0, w: 1}
  m_LocalPosition: {x: 0, y: 0, z: 0}
  m_LocalScale: {x: 1, y: 1, z: 1}
  m_Children:
  - {fileID: 7103022751626056117}
  m_Father: {fileID: 0}
  m_RootOrder: 0
  m_LocalEulerAnglesHint: {x: 0, y: 0, z: 0}
--- !u!114 &8171850657179102521
MonoBehaviour:
  m_ObjectHideFlags: 0
  m_CorrespondingSourceObject: {fileID: 0}
  m_PrefabInstance: {fileID: 0}
  m_PrefabAsset: {fileID: 0}
  m_GameObject: {fileID: 4268244545659687955}
  m_Enabled: 1
  m_EditorHideFlags: 0
  m_Script: {fileID: 11500000, guid: 3f83e86cdb370744492e5cfcbec659e8, type: 3}
  m_Name: 
  m_EditorClassIdentifier: 
  variant: a
  baseAnimationFallHeight: 5
  basicAnimatationItems:
  - tr: {fileID: 7103022751626056127}
    delay: 0
    animateTime: 1
  - tr: {fileID: 7103022751626056125}
    delay: 0.25
    animateTime: 1
  - tr: {fileID: 7103022751626056123}
    delay: 0.5
    animateTime: 1
  - tr: {fileID: 7103022751626056119}
    delay: 0.65
    animateTime: 1
  - tr: {fileID: 7103022751626056121}
    delay: 0.7
    animateTime: 1
  - tr: {fileID: 1337654077428703277}
    delay: 0.85
    animateTime: 1
--- !u!1 &7494260835137427941
GameObject:
  m_ObjectHideFlags: 0
  m_CorrespondingSourceObject: {fileID: 0}
  m_PrefabInstance: {fileID: 0}
  m_PrefabAsset: {fileID: 0}
  serializedVersion: 6
  m_Component:
  - component: {fileID: 1337654077428703277}
  - component: {fileID: 4190266134387774537}
  - component: {fileID: 3918905483127557615}
  m_Layer: 0
  m_Name: FlowerTop02 (1)
  m_TagString: Untagged
  m_Icon: {fileID: 0}
  m_NavMeshLayer: 0
  m_StaticEditorFlags: 0
  m_IsActive: 1
--- !u!4 &1337654077428703277
Transform:
  m_ObjectHideFlags: 0
  m_CorrespondingSourceObject: {fileID: 0}
  m_PrefabInstance: {fileID: 0}
  m_PrefabAsset: {fileID: 0}
  m_GameObject: {fileID: 7494260835137427941}
  m_LocalRotation: {x: 0, y: 0.38268343, z: 0, w: 0.92387956}
  m_LocalPosition: {x: 0.0017944878, y: 0.507, z: 0.00028336002}
  m_LocalScale: {x: 0.5283076, y: 0.5283076, z: 0.5283076}
  m_Children: []
  m_Father: {fileID: 7103022751626056117}
  m_RootOrder: 6
  m_LocalEulerAnglesHint: {x: 0, y: 45, z: 0}
--- !u!33 &4190266134387774537
MeshFilter:
  m_ObjectHideFlags: 0
  m_CorrespondingSourceObject: {fileID: 0}
  m_PrefabInstance: {fileID: 0}
  m_PrefabAsset: {fileID: 0}
  m_GameObject: {fileID: 7494260835137427941}
  m_Mesh: {fileID: 4300010, guid: faf56c7c9e2f23a4b857d0a4c8b393e1, type: 3}
--- !u!23 &3918905483127557615
MeshRenderer:
  m_ObjectHideFlags: 0
  m_CorrespondingSourceObject: {fileID: 0}
  m_PrefabInstance: {fileID: 0}
  m_PrefabAsset: {fileID: 0}
  m_GameObject: {fileID: 7494260835137427941}
  m_Enabled: 1
  m_CastShadows: 1
  m_ReceiveShadows: 1
  m_DynamicOccludee: 1
  m_MotionVectors: 1
  m_LightProbeUsage: 1
  m_ReflectionProbeUsage: 1
  m_RenderingLayerMask: 1
  m_RendererPriority: 0
  m_Materials:
  - {fileID: 2100000, guid: 90d392d4c63d2284ea0be66e3c2e7cb1, type: 2}
  m_StaticBatchInfo:
    firstSubMesh: 0
    subMeshCount: 0
  m_StaticBatchRoot: {fileID: 0}
  m_ProbeAnchor: {fileID: 0}
  m_LightProbeVolumeOverride: {fileID: 0}
  m_ScaleInLightmap: 1
  m_PreserveUVs: 0
  m_IgnoreNormalsForChartDetection: 0
  m_ImportantGI: 0
  m_StitchLightmapSeams: 0
  m_SelectedEditorRenderState: 3
  m_MinimumChartSize: 4
  m_AutoUVMaxDistance: 0.5
  m_AutoUVMaxAngle: 89
  m_LightmapParameters: {fileID: 0}
  m_SortingLayerID: 0
  m_SortingLayer: 0
  m_SortingOrder: 0
--- !u!1001 &7103022751626447679
PrefabInstance:
  m_ObjectHideFlags: 0
  serializedVersion: 2
  m_Modification:
    m_TransformParent: {fileID: 3991847122368852894}
    m_Modifications:
    - target: {fileID: 100010, guid: faf56c7c9e2f23a4b857d0a4c8b393e1, type: 3}
      propertyPath: m_Name
      value: HappyHoliday(BaseCake)
      objectReference: {fileID: 0}
    - target: {fileID: 100012, guid: faf56c7c9e2f23a4b857d0a4c8b393e1, type: 3}
      propertyPath: m_IsActive
      value: 0
      objectReference: {fileID: 0}
    - target: {fileID: 400010, guid: faf56c7c9e2f23a4b857d0a4c8b393e1, type: 3}
      propertyPath: m_LocalPosition.x
      value: 0
      objectReference: {fileID: 0}
    - target: {fileID: 400010, guid: faf56c7c9e2f23a4b857d0a4c8b393e1, type: 3}
      propertyPath: m_LocalPosition.y
      value: -0.47
      objectReference: {fileID: 0}
    - target: {fileID: 400010, guid: faf56c7c9e2f23a4b857d0a4c8b393e1, type: 3}
      propertyPath: m_LocalPosition.z
      value: 0
      objectReference: {fileID: 0}
    - target: {fileID: 400010, guid: faf56c7c9e2f23a4b857d0a4c8b393e1, type: 3}
      propertyPath: m_LocalRotation.x
      value: 0
      objectReference: {fileID: 0}
    - target: {fileID: 400010, guid: faf56c7c9e2f23a4b857d0a4c8b393e1, type: 3}
      propertyPath: m_LocalRotation.y
      value: 0
      objectReference: {fileID: 0}
    - target: {fileID: 400010, guid: faf56c7c9e2f23a4b857d0a4c8b393e1, type: 3}
      propertyPath: m_LocalRotation.z
      value: 0
      objectReference: {fileID: 0}
    - target: {fileID: 400010, guid: faf56c7c9e2f23a4b857d0a4c8b393e1, type: 3}
      propertyPath: m_LocalRotation.w
      value: 1
      objectReference: {fileID: 0}
    - target: {fileID: 400010, guid: faf56c7c9e2f23a4b857d0a4c8b393e1, type: 3}
      propertyPath: m_RootOrder
      value: 0
      objectReference: {fileID: 0}
    - target: {fileID: 400010, guid: faf56c7c9e2f23a4b857d0a4c8b393e1, type: 3}
      propertyPath: m_LocalEulerAnglesHint.x
      value: 0
      objectReference: {fileID: 0}
    - target: {fileID: 400010, guid: faf56c7c9e2f23a4b857d0a4c8b393e1, type: 3}
      propertyPath: m_LocalEulerAnglesHint.y
      value: 0
      objectReference: {fileID: 0}
    - target: {fileID: 400010, guid: faf56c7c9e2f23a4b857d0a4c8b393e1, type: 3}
      propertyPath: m_LocalEulerAnglesHint.z
      value: 0
      objectReference: {fileID: 0}
    - target: {fileID: 2300004, guid: faf56c7c9e2f23a4b857d0a4c8b393e1, type: 3}
      propertyPath: m_Materials.Array.data[0]
      value: 
      objectReference: {fileID: 2100000, guid: da327865dfb5b604aafa777ad0ad8fb5, type: 2}
    - target: {fileID: 2300006, guid: faf56c7c9e2f23a4b857d0a4c8b393e1, type: 3}
      propertyPath: m_Materials.Array.data[0]
      value: 
      objectReference: {fileID: 2100000, guid: c0351c2461201ce449d46de947f46d8c, type: 2}
    m_RemovedComponents: []
  m_SourcePrefab: {fileID: 100100000, guid: faf56c7c9e2f23a4b857d0a4c8b393e1, type: 3}
--- !u!4 &7103022751626056117 stripped
Transform:
  m_CorrespondingSourceObject: {fileID: 400010, guid: faf56c7c9e2f23a4b857d0a4c8b393e1,
    type: 3}
  m_PrefabInstance: {fileID: 7103022751626447679}
  m_PrefabAsset: {fileID: 0}
--- !u!4 &7103022751626056127 stripped
Transform:
  m_CorrespondingSourceObject: {fileID: 400000, guid: faf56c7c9e2f23a4b857d0a4c8b393e1,
    type: 3}
  m_PrefabInstance: {fileID: 7103022751626447679}
  m_PrefabAsset: {fileID: 0}
--- !u!4 &7103022751626056125 stripped
Transform:
  m_CorrespondingSourceObject: {fileID: 400002, guid: faf56c7c9e2f23a4b857d0a4c8b393e1,
    type: 3}
  m_PrefabInstance: {fileID: 7103022751626447679}
  m_PrefabAsset: {fileID: 0}
--- !u!4 &7103022751626056123 stripped
Transform:
  m_CorrespondingSourceObject: {fileID: 400004, guid: faf56c7c9e2f23a4b857d0a4c8b393e1,
    type: 3}
  m_PrefabInstance: {fileID: 7103022751626447679}
  m_PrefabAsset: {fileID: 0}
--- !u!4 &7103022751626056121 stripped
Transform:
  m_CorrespondingSourceObject: {fileID: 400006, guid: faf56c7c9e2f23a4b857d0a4c8b393e1,
    type: 3}
  m_PrefabInstance: {fileID: 7103022751626447679}
  m_PrefabAsset: {fileID: 0}
--- !u!4 &7103022751626056119 stripped
Transform:
  m_CorrespondingSourceObject: {fileID: 400008, guid: faf56c7c9e2f23a4b857d0a4c8b393e1,
    type: 3}
  m_PrefabInstance: {fileID: 7103022751626447679}
  m_PrefabAsset: {fileID: 0}
